@article{irwin,
	ISSN = {00029890, 19300972},
	URL = {http://www.jstor.org/stable/2974352},
	author = {Frank Irwin},
	journal = {The American Mathematical Monthly},
	number = {5},
	pages = {149--152},
	publisher = {Taylor \& Francis},
	title = {A Curious Convergent Series},
	urldate = {2024-11-10},
	volume = {23},
	year = {1916}
}
@book{matrix,
   title =     {Matrix Analysis},
   author =    {Roger A. Horn and Charles R. Johnson},
   publisher = {Cambridge University Press},
   isbn =      {0521839408; 9780521839402},
   year =      {2013},
   edition =   {2nd},
}
@article{kempner,
	author = {A. J. Kempner},
	title = {A Curious Convergent Series},
	journal = {The American Mathematical Monthly},
	volume = {21},
	number = {2},
	pages = {48--50},
	year = {1914},
	publisher = {Taylor \& Francis},
	doi = {10.1080/00029890.1914.11998004},
}
@article{baillie,
	author = {Robert Baillie},
	title = {Sums of Reciprocals of Integers Missing a Given Digit},
	journal = {The American Mathematical Monthly},
	volume = {86},
	number = {5},
	pages = {372--374},
	year = {1979},
	publisher = {Taylor \& Francis},
	doi = {10.1080/00029890.1979.11994810},
}
@article{schmelzer,
	ISSN = {00029890, 19300972},
	URL = {http://www.jstor.org/stable/27642532},
	author = {Thomas Schmelzer and Robert Baillie},
	journal = {The American Mathematical Monthly},
	number = {6},
	pages = {525--540},
	publisher = {Mathematical Association of America},
	title = {Summing a Curious, Slowly Convergent Series},
	urldate = {2024-12-23},
	volume = {115},
	year = {2008}
}
@book{siam,
	author = {Folkmar Bornemann and Dirk Laurie and Stan Wagon and Jörg Waldvogel},
	title = {The SIAM 100-Digit Challenge: A Study in High-Accuracy Numerical Computing},
	series = {Other Titles in Applied Mathematics},
	publisher = {Society for Industrial and Applied Mathematics},
	year = {2004},
	pages = {287},
}

@book{measure,
	author = {Kalyanapuram Rangachari Parthasarathy},
	title = {Probability Measures on Metric Spaces},
	series = {An Imprint of the American Mathematical Society},
	publisher = {Ams Chelsea Publishing},
	year = {1967},
}

@article{burnol,
	author = {Jean-Francois Burnol},
	title = {Moments in the exact summation of the curious series of Kempner type},
	journal = {arXiv preprint arXiv:2402.08525},
	year = {2024},
}

@book{handbook,
	author = {Abramowitz, Milton and Stegun, Irene A.},
	publisher = {Dover},
	title = {Handbook of Mathematical Functions with Formulas, Graphs, and Mathematical Tables},
	year = {1964},
}

@book{chebyshev,
	author = {J.C. Mason and David C. Handscomb},
	publisher = {Taylor \& Francis},
	title = {Chebyshev Polynomials},
	edition = {1st Edition},
	year = {2003},
}

@Book{fischer,
	author = { Fischer, Hans-Jürgen },
	title = { Die Summe der Reziproken der natürlichen Zahlen ohne Ziffer 9. },
	publisher = { Birkh\"auser },
	year = { 1993 },
	url = { https://www.digizeitschriften.de/id/378850199_0048|log15 },
	language = { ger },
}
